<record><leader>00000cas a22000007a 4500</leader><controlfield tag="001">12608113</controlfield><controlfield tag="008">850927d18781884ksuwr ne      0    0swe d</controlfield><datafield ind1=" " ind2=" " tag="010"><subfield code="a">sn 85032691 </subfield></datafield><datafield ind1=" " ind2=" " tag="040"><subfield code="a">KSH</subfield><subfield code="b">eng</subfield><subfield code="c">KSH</subfield><subfield code="d">NPT</subfield><subfield code="d">NPV</subfield><subfield code="d">OCLCQ</subfield></datafield><datafield ind1=" " ind2=" " tag="042"><subfield code="a">msc</subfield></datafield><datafield ind1="0" ind2=" " tag="130"><subfield code="a">Svenska Ha&#776;rolden (Salina, Kan.)</subfield></datafield><datafield ind1="1" ind2="0" tag="245"><subfield code="a">Svenska Ha&#776;rolden.</subfield></datafield><datafield ind1=" " ind2=" " tag="260"><subfield code="a">Salina, Kan. ;</subfield><subfield code="a">Kansas City, Mo. ;</subfield><subfield code="a">Omaha, Neb. :</subfield><subfield code="b">Svenska Ha&#776;roldens Stock Co.,</subfield><subfield code="c">1878-1884.</subfield></datafield><datafield ind1=" " ind2=" " tag="300"><subfield code="a">6 v. ;</subfield><subfield code="c">64 cm.</subfield></datafield><datafield ind1=" " ind2=" " tag="310"><subfield code="a">Weekly</subfield></datafield><datafield ind1="0" ind2=" " tag="362"><subfield code="a">Arg. 1, no. 1 (Dec. 13, 1878)-a&#778;rg. 6, no. 52 (Dec. 31, 1884).</subfield></datafield><datafield ind1=" " ind2=" " tag="500"><subfield code="a">Published in Kansas City, Mo., Apr. 5, 1882-Feb. 6, 1884; in Kansas City, Mo. and Omaha, Neb., Feb. 13-Dec. 31, 1884.</subfield></datafield><datafield ind1=" " ind2=" " tag="500"><subfield code="a">Publisher varies.</subfield></datafield><datafield ind1=" " ind2=" " tag="546"><subfield code="a">In Swedish.</subfield></datafield><datafield ind1=" " ind2=" " tag="752"><subfield code="a">United States</subfield><subfield code="b">Kansas</subfield><subfield code="c">Saline</subfield><subfield code="d">Salina.</subfield></datafield><datafield ind1=" " ind2=" " tag="752"><subfield code="a">United States</subfield><subfield code="b">Missouri</subfield><subfield code="c">Jackson</subfield><subfield code="d">Kansas City.</subfield></datafield><datafield ind1=" " ind2=" " tag="752"><subfield code="a">United States</subfield><subfield code="b">Nebraska</subfield><subfield code="c">Douglas</subfield><subfield code="d">Omaha.</subfield></datafield><datafield ind1="0" ind2="0" tag="785"><subfield code="t">Vestern (Kansas City, Mo.)</subfield><subfield code="w">(DLC)sn 85032692</subfield></datafield></record>